<?xml version="1.0" encoding="UTF-8"?><collection xmlns="http://www.loc.gov/MARC21/slim"><record><leader>00380nam--2200145-i-4500</leader><controlfield tag="001">000032703</controlfield><controlfield tag="002">20161230</controlfield><controlfield tag="005">20161230201039</controlfield><controlfield tag="008">060222s1000------------r-----000-0-eng-d</controlfield><datafield ind1=" " ind2=" " tag="080"><subfield code="a">517.3</subfield></datafield><datafield ind1=" " ind2=" " tag="100"><subfield code="a">Luzin, N.N</subfield></datafield><datafield ind1=" " ind2=" " tag="245"><subfield code="a">Calculul integral. ed.a iii-a. trad.din l.rusa</subfield></datafield><datafield ind1=" " ind2=" " tag="260"><subfield code="a">Bucuresti, Ed.Tehnica, 1959, 480p</subfield></datafield><datafield ind1=" " ind2=" " tag="852"><subfield code="a">76517</subfield><subfield code="c">517.2/3</subfield></datafield><datafield ind1=" " ind2=" " tag="CAT"><subfield code="a">Sys</subfield><subfield code="c">20080722</subfield><subfield code="h">093400</subfield></datafield></record></collection>